

@incollection{balmer2009matsim,
  title={MATSim-T: Architecture and simulation times},
  author={Balmer, Michael and Rieser, Marcel and Meister, Konrad and Charypar, David and Lefebvre, Nicolas and Nagel, Kai},
  booktitle={Multi-agent systems for traffic and transportation engineering},
  pages={57--78},
  year={2009},
  publisher={IGI Global}
}


@article{zhuge2019sensitivity,
  title={Sensitivity analysis of integrated activity-based model: Using MATSim as an example},
  author={Zhuge, Chengxiang and Shao, Chunfu and Wang, Shuling and Hu, Ying},
  journal={Transportation Letters},
  volume={11},
  number={2},
  pages={93--103},
  year={2019},
  publisher={Taylor \& Francis},
  file={Biblio/DomainSpecific/Transportation/Sensitivity%20analysis%20of%20integrated%20activity%20based%20model%20using%20MATSim%20as%20an%20example.pdf}
}



