


@article{muller2020mobility,
  title={Mobility traces and spreading of COVID-19},
  author={M{\"u}ller, Sebastian Alexander and Balmer, Michael and Neumann, Andreas and Nagel, Kai},
  journal={medRxiv},
  year={2020},
  publisher={Cold Spring Harbor Laboratory Press}
}

@article{hamidi2020does,
  title={Does density aggravate the COVID-19 pandemic? Early findings and lessons for planners},
  author={Hamidi, Shima and Sabouri, Sadegh and Ewing, Reid},
  journal={Journal of the American Planning Association},
  volume={86},
  number={4},
  pages={495--509},
  year={2020},
  publisher={Taylor \& Francis}
}

@Manual{UK2GTFS,
    title = {UK2GTFS: Converts UK transport timetable datasets to GTFS format},
    author = {Malcolm Morgan},
    year = {2021},
    note = {https://github.com/itsleeds/uk2gtfs,
https://itsleeds.git.io/uk2gtfs/},
  }


@article{gutierrez2020covid,
  title={COVID-19 and urban public transport services: emerging challenges and research agenda},
  author={Guti{\'e}rrez, Aaron and Miravet, Daniel and Dom{\`e}nech, Antoni},
  journal={Cities \& Health},
  pages={1--4},
  year={2020},
  publisher={Taylor \& Francis}
}

@article{tirachini2020covid,
  title={COVID-19 and public transportation: Current assessment, prospects, and research needs},
  author={Tirachini, Alejandro and Cats, Oded},
  journal={Journal of Public Transportation},
  volume={22},
  number={1},
  pages={1},
  year={2020}
}


@article{batty2020london,
  title={London in Lockdown: Mobility in the Pandemic City},
  author={Batty, Michael and Murcio, Roberto and Iacopini, Iacopo and Vanhoof, Maarten and Milton, Richard},
  journal={arXiv preprint arXiv:2011.07165},
  year={2020}
}

@article{reuillon2013openmole,
  title={OpenMOLE, a workflow engine specifically tailored for the distributed exploration of simulation models},
  author={Reuillon, Romain and Leclaire, Mathieu and Rey-Coyrehourcq, Sebastien},
  journal={Future Generation Computer Systems},
  volume={29},
  number={8},
  pages={1981--1990},
  year={2013},
  publisher={Elsevier}
}

@article{raimbault2020scala,
  title={A scala library for spatial sensitivity analysis},
  author={Raimbault, Juste and Perret, Julien and Reuillon, Romain},
  journal={Proceedings of GISRUK 2020},
  year={2020}
}

@article{florczyk2019ghsl,
  title={GHSL data package 2019},
  author={Florczyk, Aneta J and Corbane, Christina and Ehrlich, Daniele and Freire, Sergio and Kemper, Thomas and Maffenini, Luca and Melchiorri, Michele and Pesaresi, Martino and Politis, Panagiotis and Schiavina, Marcelo and others},
  journal={Luxembourg, EUR},
  volume={29788},
  number={10.2760},
  pages={290498},
  year={2019}
}

@inproceedings{milton2019accelerating,
  title={Accelerating Urban Modelling Algorithms with Artificial Intelligence},
  author={Milton, Richard and Roumpani, Flora},
  booktitle={Proceedings of the 5th International Conference on Geographical Information Systems Theory, Applications and Management},
  volume={1},
  pages={105--116},
  year={2019},
  organization={INSTICC}
}


@book{horni2016multi,
  title={The multi-agent transport simulation MATSim},
  author={Horni, Andreas and Nagel, Kai and Axhausen, Kay W},
  year={2016},
  publisher={Ubiquity Press}
}

@inproceedings{barker2007scientific,
  title={Scientific workflow: a survey and research directions},
  author={Barker, Adam and Van Hemert, Jano},
  booktitle={International Conference on Parallel Processing and Applied Mathematics},
  pages={746--753},
  year={2007},
  organization={Springer}
}


@article{yu2005taxonomy,
  title={A taxonomy of scientific workflow systems for grid computing},
  author={Yu, Jia and Buyya, Rajkumar},
  journal={ACM Sigmod Record},
  volume={34},
  number={3},
  pages={44--49},
  year={2005},
  publisher={ACM New York, NY, USA}
}

@phdthesis{banos2013pour,
  title={Pour des pratiques de mod{\'e}lisation et de simulation lib{\'e}r{\'e}es en g{\'e}ographie et SHS},
  author={Banos, Arnaud},
  year={2013},
  school={Universit{\'e} Paris 1 Panth{\'e}on Sorbonne}
}

@article{batty2014can,
  title={Can it happen again? Planning support, Lee's Requiem and the rise of the smart cities movement},
  author={Batty, Michael},
  journal={Environment and Planning B: Planning and Design},
  volume={41},
  number={3},
  pages={388--391},
  year={2014},
  publisher={SAGE Publications Sage UK: London, England}
}

@article{lee1973requiem,
  title={Requiem for large-scale models},
  author={Lee Jr, Douglass B},
  journal={Journal of the American Institute of planners},
  volume={39},
  number={3},
  pages={163--178},
  year={1973},
  publisher={Taylor \& Francis}
}

@article{wegener2004land,
  title={Land-use transport interaction: State of the art},
  author={Wegener, Michael and F{\"u}rst, Franz},
  journal={Available at SSRN 1434678},
  year={2004}
}


@incollection{balmer2009matsim,
  title={MATSim-T: Architecture and simulation times},
  author={Balmer, Michael and Rieser, Marcel and Meister, Konrad and Charypar, David and Lefebvre, Nicolas and Nagel, Kai},
  booktitle={Multi-agent systems for traffic and transportation engineering},
  pages={57--78},
  year={2009},
  publisher={IGI Global}
}

