


@article{schwarze2017stadte,
  title={St{\"a}dte und Klimawandel: Ruhrgebiet 2050; integriertes Modell Ruhrgebiet und Regionaler Modal Shift},
  author={Schwarze, Bj{\"o}rn and Spiekermann, Klaus and Wegener, Michael and Huber, Felix and Brosch, Kristine and Reutter, Oscar and M{\"u}ller, Miriam},
  year={2017}
}


@article{reutter2018verkehr,
  title={Verkehr verlagern!: Szenarioanalysen zu Modal-Shift-Potenzialen im Personenverkehr im Ruhrgebiet 2050},
  author={Reutter, Oscar and M{\"u}ller, Miriam and Schwarze, Bj{\"o}rn and Spiekermann, Klaus and Wegener, Michael and Huber, Felix and Brosch, Kristine},
  year={2018}
}


@article{spiekermann2018multi,
  title={Multi-level urban models},
  author={Spiekermann, Klaus and Wegener, Michael},
  journal={Journal of Transport and Land Use},
  volume={11},
  number={1},
  pages={67--81},
  year={2018},
  publisher={JSTOR}
}
