

@article{florczyk2019ghsl,
  title={GHSL data package 2019},
  author={Florczyk, Aneta J and Corbane, Christina and Ehrlich, Daniele and Freire, Sergio and Kemper, Thomas and Maffenini, Luca and Melchiorri, Michele and Pesaresi, Martino and Politis, Panagiotis and Schiavina, Marcello and others},
  journal={Luxembourg, EUR},
  volume={29788},
  number={10.2760},
  pages={290498},
  year={2019}
}

@book{w2016multi,
  title={The multi-agent transport simulation MATSim},
  author={W Axhausen, Kay and Horni, Andreas and Nagel, Kai},
  year={2016},
  publisher={Ubiquity Press}
}

@incollection{balmer2009matsim,
  title={MATSim-T: Architecture and simulation times},
  author={Balmer, Michael and Rieser, Marcel and Meister, Konrad and Charypar, David and Lefebvre, Nicolas and Nagel, Kai},
  booktitle={Multi-agent systems for traffic and transportation engineering},
  pages={57--78},
  year={2009},
  publisher={IGI Global}
}

@article{wegener2004land,
  title={Land-use transport interaction: State of the art},
  author={Wegener, Michael and F{\"u}rst, Franz},
  journal={Available at SSRN 1434678},
  year={2004}
}

@article{zhuge2019sensitivity,
  title={Sensitivity analysis of integrated activity-based model: Using MATSim as an example},
  author={Zhuge, Chengxiang and Shao, Chunfu and Wang, Shuling and Hu, Ying},
  journal={Transportation Letters},
  volume={11},
  number={2},
  pages={93--103},
  year={2019},
  publisher={Taylor \& Francis}
}


@incollection{raimbault2021modeling,
  title={Modeling the co-evolution of cities and networks},
  author={Raimbault, Juste},
  booktitle={Handbook of Cities and Networks},
  pages={166--193},
  year={2021},
  publisher={Edward Elgar Publishing}
}

@article{cottineau2015modular,
  title={A modular modelling framework for hypotheses testing in the simulation of urbanisation},
  author={Cottineau, Cl{\'e}mentine and Reuillon, Romain and Chapron, Paul and Rey-Coyrehourcq, S{\'e}bastien and Pumain, Denise},
  journal={Systems},
  volume={3},
  number={4},
  pages={348--377},
  year={2015},
  publisher={MDPI}
}

@article{raimbault2022trade,
  title={Trade-offs between sustainable development goals in systems of cities},
  author={Raimbault, Juste and Pumain, Denise},
  journal={Journal of Urban Management},
  year={2022},
  publisher={Elsevier}
}


@Manual{UK2GTFS,
    title = {UK2GTFS: Converts UK transport timetable datasets to GTFS format},
    author = {Malcolm Morgan},
    year = {2021},
    note = {https://github.com/itsleeds/uk2gtfs,
https://itsleeds.git.io/uk2gtfs/},
  }


@article{horl2021integrating,
  title={Integrating discrete choice models with MATSim scoring},
  author={H{\"o}rl, Sebastian},
  journal={Procedia Computer Science},
  volume={184},
  pages={704--711},
  year={2021},
  publisher={Elsevier}
}


@article{bienzeisler2021uncertainty,
title={Uncertainty and Variability Analysis of Agent-Based Transport Models},
author={Bienzeisler, Lasse and Lelke. T. and Wage, O. and Huck, L. and Friedrich, B.},
year={2021},
journal={EWGT2021 Proceedings},
url={https://easychair.org/smart-program/EWGT2021/2021-09-10.html#talk:179875}
}


@article{saltelli2010variance,
  title={Variance based sensitivity analysis of model output. Design and estimator for the total sensitivity index},
  author={Saltelli, Andrea and Annoni, Paola and Azzini, Ivano and Campolongo, Francesca and Ratto, Marco and Tarantola, Stefano},
  journal={Computer physics communications},
  volume={181},
  number={2},
  pages={259--270},
  year={2010},
  publisher={Elsevier}
}

@article{raimbault2019space,
  title={Space Matters: Extending Sensitivity Analysis to Initial Spatial Conditions in Geosimulation Models},
  author={Raimbault, Juste and Cottineau, Cl{\'e}mentine and Le Texier, Marion and Le N{\'e}chet, Florent and Reuillon, Romain},
  journal={Journal of Artificial Societies and Social Simulation},
  volume={22},
  number={4},
  year={2019}
}

@inproceedings{raimbault2019generating,
  title={Generating urban morphologies at large scales},
  author={Raimbault, Juste and Perret, Julien},
  booktitle={The 2019 Conference on Artificial Life},
  pages={179--186},
  year={2019},
  organization={MIT Press}
}

@article{raimbault2019second,
  title={Second-order control of complex systems with correlated synthetic data},
  author={Raimbault, Juste},
  journal={Complex Adaptive Systems Modeling},
  volume={7},
  number={1},
  pages={1--19},
  year={2019},
  publisher={Springer}
}

@article{reuillon2013openmole,
  title={OpenMOLE, a workflow engine specifically tailored for the distributed exploration of simulation models},
  author={Reuillon, Romain and Leclaire, Mathieu and Rey-Coyrehourcq, Sebastien},
  journal={Future Generation Computer Systems},
  volume={29},
  number={8},
  pages={1981--1990},
  year={2013},
  publisher={Elsevier}
}

@article{raimbault2021estimating,
  title={Estimating public transport congestion in UK urban areas with open transport models},
  author={Raimbault, Juste and Batty, Michael},
  journal={arXiv preprint arXiv:2104.14359},
  year={2021}
}


@article{batty2021new,
  title={A new framework for very large-scale urban modelling},
  author={Batty, Michael and Milton, Richard},
  journal={Urban Studies},
  volume={58},
  number={15},
  pages={3071--3094},
  year={2021},
  publisher={SAGE Publications Sage UK: London, England}
}


@article{spooner2021dynamic,
  title={A dynamic microsimulation model for epidemics},
  author={Spooner, Fiona and Abrams, Jesse F and Morrissey, Karyn and Shaddick, Gavin and Batty, Michael and Milton, Richard and Dennett, Adam and Lomax, Nik and Malleson, Nick and Nelissen, Natalie and others},
  journal={Social Science \& Medicine},
  volume={291},
  pages={114461},
  year={2021},
  publisher={Elsevier}
}


@book{w2016multi,
  title={The multi-agent transport simulation MATSim},
  author={W Axhausen, Kay and Horni, Andreas and Nagel, Kai},
  year={2016},
  publisher={Ubiquity Press}
}

@article{raimbault2020scala,
  title={A scala library for spatial sensitivity analysis},
  author={Raimbault, Juste and Perret, Julien and Reuillon, Romain},
  journal={arXiv preprint arXiv:2007.10667},
  year={2020}
}

@article{raimbault2021complementarity,
  title={Complementarity of generative models for road networks},
  author={Raimbault, Juste},
  journal={arXiv preprint arXiv:2109.15206},
  year={2021}
}


@article{raimbault2020comparison,
  title={A comparison of simple models for urban morphogenesis},
  author={Raimbault, Juste},
  journal={arXiv preprint arXiv:2008.13277},
  year={2020}
}


@inproceedings{raimbault2018multi,
  title={Multi-modeling the morphogenesis of transportation networks},
  author={Raimbault, Juste},
  booktitle={European Conference on Artificial Life (ALIFE 2018)},
  volume={2018},
  pages={382--383},
  year={2018},
  organization={MIT Press}
}


@article{raimbault2021multiscale,
  title={A multiscale model of urban morphogenesis},
  author={Raimbault, Juste},
  journal={arXiv preprint arXiv:2103.17241},
  year={2021}
}


@article{raimbault2021strong,
  title={Strong coupling between scales in a multi-scalar model of urban dynamics},
  author={Raimbault, Juste},
  journal={arXiv preprint arXiv:2101.12725},
  year={2021}
}


@article{raimbault2019exploration,
  title={Exploration of an interdisciplinary scientific landscape},
  author={Raimbault, Juste},
  journal={Scientometrics},
  volume={119},
  number={2},
  pages={617--641},
  year={2019},
  publisher={Springer}
}

@article{batty2014can,
  title={Can it happen again? Planning support, Lee's Requiem and the rise of the smart cities movement},
  author={Batty, Michael},
  journal={Environment and Planning B: Planning and Design},
  volume={41},
  number={3},
  pages={388--391},
  year={2014},
  publisher={SAGE Publications Sage UK: London, England}
}

@article{lee1973requiem,
  title={Requiem for large-scale models},
  author={Lee Jr, Douglass B},
  journal={Journal of the American Institute of planners},
  volume={39},
  number={3},
  pages={163--178},
  year={1973},
  publisher={Taylor \& Francis}
}

@phdthesis{banos2013pour,
  title={Pour des pratiques de mod{\'e}lisation et de simulation lib{\'e}r{\'e}es en g{\'e}ographie et SHS},
  author={Banos, Arnaud},
  year={2013},
  school={Universit{\'e} Paris 1 Panth{\'e}on Sorbonne}
}
