



@article{raimbault2018calibration,
  title={Calibration of a density-based model of urban morphogenesis},
  author={Raimbault, Juste},
  journal={PloS one},
  volume={13},
  number={9},
  pages={e0203516},
  year={2018},
  publisher={Public Library of Science}
}



@article{raimbault2018indirect,
  title={Indirect evidence of network effects in a system of cities},
  author={Raimbault, Juste},
  journal={Environment and Planning B: Urban Analytics and City Science},
  pages={2399808318774335},
  year={2018},
  publisher={SAGE Publications Sage UK: London, England}
}


@article{smith2017population,
  title={Population synthesis with Quasirandom integer sampling},
  author={Smith, Andrew and Lovelace, Robin and Birkin, Mark},
  journal={Journal of Artificial Societies and Social Simulation},
  volume={20},
  number={4},
  year={2017},
  publisher={JASSS}
}


@article{wegener2004land,
	Author = {Wegener, Michael and F{\"u}rst, Franz},
	Journal = {Available at SSRN 1434678},
	Title = {Land-use transport interaction: state of the art},
	Year = {2004}}



@book{varenne2017theories,
	Author = {Varenne, Franck},
	Publisher = {Editions Mat{\'e}riologiques},
	Title = {Th{\'e}ories et mod{\`e}les en sciences humaines. Le cas de la g{\'e}ographie},
	Year = {2017}}



@incollection{birkin2011spatial,
  title={Spatial microsimulation models: A review and a glimpse into the future},
  author={Birkin, Mark and Clarke, Martin},
  booktitle={Population dynamics and projection methods},
  pages={193--208},
  year={2011},
  publisher={Springer}
}


@article{raimbault2019exploration,
  title={Exploration of an interdisciplinary scientific landscape},
  author={Raimbault, Juste},
  journal={Scientometrics},
  pages={1--25},
  year={2019},
  publisher={Springer}
}


@book{batty2013new,
  title={The new science of cities},
  author={Batty, Michael},
  year={2013},
  publisher={MIT press}
}
